<?xml version="1.0" encoding="UTF-8"?><collection><record><leader>06184ntm a2200553 a 4500</leader><controlfield tag="001">006816041</controlfield><controlfield tag="003">MiAaHDL</controlfield><controlfield tag="005">20190719000000.0</controlfield><controlfield tag="006">m        d        </controlfield><controlfield tag="007">cr bn ---auaua</controlfield><controlfield tag="008">090611s17uu    xx            00| ||per d</controlfield><datafield tag="035" ind1=" " ind2=" "><subfield code="a">(MiU)006816041</subfield></datafield><datafield tag="035" ind1=" " ind2=" "><subfield code="a">sdr-miu006816041</subfield></datafield><datafield tag="040" ind1=" " ind2=" "><subfield code="a">MiU</subfield><subfield code="c">MiU</subfield><subfield code="e">amremm</subfield></datafield><datafield tag="043" ind1=" " ind2=" "><subfield code="a">n-us-mi</subfield></datafield><datafield tag="100" ind1="1" ind2=" "><subfield code="6">880-01</subfield><subfield code="a">Kalīm, Abū Ṭālib,</subfield><subfield code="d">-1651?</subfield></datafield><datafield tag="245" ind1="1" ind2="0"><subfield code="6">880-03</subfield><subfield code="a">Dīvān-i Kalīm,</subfield><subfield code="f">[18th century?].</subfield></datafield><datafield tag="246" ind1="3" ind2=" "><subfield code="i">Edge title (head):</subfield><subfield code="a">كليات ديوان كليم</subfield></datafield><datafield tag="260" ind1=" " ind2=" "><subfield code="c">[17--?].</subfield></datafield><datafield tag="300" ind1=" " ind2=" "><subfield code="a">179 leaves :</subfield><subfield code="b">paper ;</subfield><subfield code="c">263 x 165 (158 x 75, 221 x 109) mm.</subfield></datafield><datafield tag="500" ind1=" " ind2=" "><subfield code="a">Shelfmark: Ann Arbor, University of Michigan, Special Collections Library, Isl. Ms. 339</subfield></datafield><datafield tag="500" ind1=" " ind2=" "><subfield code="a">Origin: Lacks dated colophon ; paper, decoration, etc. would suggest 18th or early 19th century. Flyleaves likely early 19th century.</subfield></datafield><datafield tag="500" ind1=" " ind2=" "><subfield code="a">Accompanying materials: Blank scrap of paper paginated pp.287-288.</subfield></datafield><datafield tag="500" ind1=" " ind2=" "><subfield code="a">Former shelfmark: "115 T. De M. [i.e. Tammaro De Marinis]" on upper board lining.</subfield></datafield><datafield tag="500" ind1=" " ind2=" "><subfield code="a">Binding: Pasteboards covered in dark red leather ; Type III binding (without flap) ; board linings in yellow-tinted laid paper, flyleaves in lavender surface-dyed, gold-flecked laid paper ; upper and lower covers carry stamped (with recessed onlays, now gone to green and white) four-lobed central ornament evoking two intersecting lozenges or lozenge with two domes radiating from it (filled with vegetal composition having large floral motifs) and pendants, as well as tooled border in blind rules and a series of s-shaped stamps ; sewn in blue-green thread, two stations ; worked chevron endbands in yellow and pink, good condition ; overall in fairly good condition with some abrasion and staining, lifting of leather, minor delamination of boards, etc. ; repair to spine (rebacked) in similar red leather.</subfield></datafield><datafield tag="500" ind1=" " ind2=" "><subfield code="a">Support: non-European (likely Persian or Indian) laid paper with 8 laid lines per cm. (vertical, fairly distinct) and occasional pairs of chain lines visible, sturdy, well-burnished, dark cream to beige in color ; endpapers in European laid paper ; minor staining and tide lines ; added flyleaves in European laid paper with 11 laid lines per cm. (horizontal), chain lines spaced 25-26 mm. apart (vertical), and watermarks of "ALMASSO" and scrollwork with eagle above horse "GAM" below.</subfield></datafield><datafield tag="500" ind1=" " ind2=" "><subfield code="a">Decoration: Illuminated headpiece (ʻunwān / sarlawḥ) at opening on p.8, consisting of narrow rectangular piece carrying the basmalah flanked by floral accents, surmounted by a larger rectangular piece with gold cartouche carrying the title in red ink ("ديوان كليم عليه الرحمة") flanked by floral motifs mainly in white and gold with red and blue accents on fields of gold, blue and red, itself surmounted by a scalloped w-shaped piece (central dome flanked by two partially visible domes) filled with swirling floral vegetal composition in green, white, pink, yellow, orange, blue and red on fields of gold and blue, all surmounted by vertical stalks (tīgh) in blue and set in a well of blue and red bands with white accents ; another fine doublue-page illumination (headpiece along with cloudbands in written areas) at opening on pp.158-159 ; written area (central panel, columns within, and ruled margins) of incipit and facing page surrounded by gold frame and red rule-border with text set off by gold cloud-bands, elsewhere only gold frame appears ; keywords and section headings rubricated.</subfield></datafield><datafield tag="500" ind1=" " ind2=" "><subfield code="a">Script: Nastaʻlīq ; elegant hand ; serifless, with effect of words descending to baseline, closed counters, and elongated horizontal strokes.</subfield></datafield><datafield tag="500" ind1=" " ind2=" "><subfield code="a">Layout: Written in roughly 43 'lines' per page, 17 in the central written area and as many as 26 on the diagonal in the margins ; central written area mainly divided to two columns ; frame-ruled.</subfield></datafield><datafield tag="500" ind1=" " ind2=" "><subfield code="a">Collation: iii, 22 IV(176), II-1 (179), iii ; almost exclusively quaternions ; middle of the quire marks in the form of ٢ at a slight angle in the outer margin of the lefthand leaf ; catchwords present ; page between sections (p.157) left blank ; pagination in pencil, Western numerals, supplied during digitization (includes flyleaves and blank insert).</subfield></datafield><datafield tag="500" ind1=" " ind2=" "><subfield code="a">Incipit: "شوق هر کس را که در راه طلب سر میدهد گر در آرد اول از پا آخرش پر میدهد .."</subfield></datafield><datafield tag="500" ind1=" " ind2=" "><subfield code="a">Title from illuminated headpiece at opening on p.8.</subfield></datafield><datafield tag="500" ind1=" " ind2=" "><subfield code="a">Ms. codex.</subfield></datafield><datafield tag="510" ind1="4" ind2=" "><subfield code="a">Storey, C. Persian literature ; a bio-bibliographical survey,</subfield><subfield code="c">p. 572</subfield></datafield><datafield tag="510" ind1="4" ind2=" "><subfield code="a">Ḥājjī Khalīfah. Kashf al-ẓunūn,</subfield><subfield code="c">iii, p. 304</subfield></datafield><datafield tag="510" ind1="4" ind2=" "><subfield code="a">Cat. Pers. MSS. Brit. Mus.,</subfield><subfield code="c">p. 686</subfield></datafield><datafield tag="510" ind1="4" ind2=" "><subfield code="a">University of Michigan Library. Manuscripts &amp; papyri : an exhibition arranged for the XXVII International Congress of Orientalists, Ann Arbor, Michigan, August 13-19, 1967. (Ann Arbor, MI [?], 1967),</subfield><subfield code="c">no.45, p.12</subfield></datafield><datafield tag="520" ind1="8" ind2=" "><subfield code="a">Elegant copy of the Dīvān of Kalīm Abū Ṭālib (d. 1651).</subfield></datafield><datafield tag="538" ind1=" " ind2=" "><subfield code="a">Mode of access: Internet.</subfield></datafield><datafield tag="541" ind1=" " ind2=" "><subfield code="c">Purchase ;</subfield><subfield code="a">Acquired by purchase (funds donated by Horace Rackham).</subfield><subfield code="d">1924.</subfield></datafield><datafield tag="546" ind1=" " ind2=" "><subfield code="a">Persian.</subfield></datafield><datafield tag="561" ind1=" " ind2=" "><subfield code="a">Inscription in pencil "115 T. D. M. [i.e. Tammaro De Marinis]" and possible book price on upper board lining ; several former owners' marks on 'title page' (p.7) including partially effaced ownership statement in name of one Muḥammad Muḥsin [?] (محمد محسن ) accompanied by an effaced seal impression, lengthy statement mentioning Muḥammad Ḥusnī and ʻAbd Allāh Bīg accompanied by an effaced oval seal impression, and effaced statement and circular seal impression ; fairly clean copy.</subfield></datafield><datafield tag="650" ind1=" " ind2="0"><subfield code="a">Manuscripts, Persian</subfield><subfield code="z">Michigan</subfield><subfield code="z">Ann Arbor.</subfield></datafield><datafield tag="650" ind1=" " ind2="0"><subfield code="a">Persian poetry</subfield><subfield code="y">1500-1796.</subfield></datafield><datafield tag="655" ind1=" " ind2="7"><subfield code="a">Headpieces (layout features)</subfield><subfield code="y">18th century.</subfield><subfield code="2">aat</subfield></datafield><datafield tag="700" ind1="0" ind2=" "><subfield code="a">Abdülhamid</subfield><subfield code="b">II,</subfield><subfield code="c">Sultan of the Turks,</subfield><subfield code="d">1842-1918,</subfield><subfield code="e">former owner.</subfield></datafield><datafield tag="773" ind1="0" ind2=" "><subfield code="a">Abdul Hamid Collection.</subfield></datafield><datafield tag="880" ind1="1" ind2="0"><subfield code="6">245-03/</subfield><subfield code="a">دیوان کلیم,</subfield><subfield code="f">[قرن 18م؟].</subfield></datafield><datafield tag="880" ind1="1" ind2=" "><subfield code="6">100-01/</subfield><subfield code="a">كليم, ابو طالب.</subfield></datafield><datafield tag="CID" ind1=" " ind2=" "><subfield code="a">006816041</subfield></datafield><datafield tag="DAT" ind1="0" ind2=" "><subfield code="a">20190719102639.0</subfield><subfield code="b">20190719000000.0</subfield></datafield><datafield tag="DAT" ind1="1" ind2=" "><subfield code="a">20190719090653.0</subfield><subfield code="b">2019-07-19T16:11:54Z</subfield></datafield><datafield tag="DAT" ind1="2" ind2=" "><subfield code="a">2015-10-02T18:00:03Z</subfield></datafield><datafield tag="CAT" ind1=" " ind2=" "><subfield code="a">SDR-MIU</subfield><subfield code="d">EX LIBRIS - ALEPH</subfield><subfield code="l">prepare.pl-004-008</subfield></datafield><datafield tag="FMT" ind1=" " ind2=" "><subfield code="a">BK</subfield></datafield><datafield tag="HOL" ind1=" " ind2=" "><subfield code="0">sdr-miu006816041</subfield><subfield code="a">MiU</subfield><subfield code="b">SDR</subfield><subfield code="c">MIU</subfield><subfield code="p">mdp.39015079129592</subfield><subfield code="s">MIU</subfield><subfield code="1">006816041</subfield></datafield><datafield tag="974" ind1=" " ind2=" "><subfield code="b">MIU</subfield><subfield code="c">MIU</subfield><subfield code="d">20190719</subfield><subfield code="s">lit-dlps-dc</subfield><subfield code="u">mdp.39015079129592</subfield><subfield code="y">1799</subfield><subfield code="r">pd</subfield><subfield code="q">bib</subfield><subfield code="t">non-US bib date1 &lt; 1879</subfield></datafield></record></collection>